%    ___  _________
%   / _ \/ __/ ___/__
%  / , _/ _// /__(_-<
% /_/|_/_/  \___/___/


@inproceedings{tung2018understanding,
  title={Understanding the behaviors of BGP-based DDoS protection services},
  author={Tung, Tony Miu and Wang, Chenxu and Wang, Jinhe},
  booktitle={Network and System Security: 12th International Conference, NSS 2018, Hong Kong, China, August 27-29, 2018, Proceedings 12},
  pages={463--473},
  year={2018},
  organization={Springer}
}


@inproceedings{jonker2016measuring,
  title={Measuring the adoption of DDoS protection services},
  author={Jonker, Mattijs and Sperotto, Anna and van Rijswijk-Deij, Roland and Sadre, Ramin and Pras, Aiko},
  booktitle={Proceedings of the 2016 Internet Measurement Conference},
  pages={279--285},
  year={2016}
}

@article{chatzis2013there, title={There is more to IXPs than meets the eye}, author={Chatzis, Nikolaos and Smaragdakis, Georgios and Feldmann, Anja and Willinger, Walter}, journal={ACM SIGCOMM Computer Communication Review}, volume={43}, number={5}, pages={19--28}, year={2013}, publisher={ACM New York, NY, USA} } 

@article{caesar2005bgp, title={BGP routing policies in ISP networks}, author={Caesar, Matthew and Rexford, Jennifer}, journal={IEEE network}, volume={19}, number={6}, pages={5--11}, year={2005}, publisher={IEEE} }

@inproceedings{schomp2020akamai,
  title={Akamai dns: Providing authoritative answers to the world's queries},
  author={Schomp, Kyle and Bhardwaj, Onkar and Kurdoglu, Eymen and Muhaimen, Mashooq and Sitaraman, Ramesh K},
  booktitle={Proceedings of the Annual conference of the ACM Special Interest Group on Data Communication on the applications, technologies, architectures, and protocols for computer communication},
  pages={465--478},
  year={2020}
}

@article{wang2018delving,
  title={Delving into internet DDoS attacks by botnets: characterization and analysis},
  author={Wang, An and Chang, Wentao and Chen, Songqing and Mohaisen, Aziz},
  journal={IEEE/ACM Transactions on Networking},
  volume={26},
  number={6},
  pages={2843--2855},
  year={2018},
  publisher={IEEE}
}

@article{saied2016detection,
  title={Detection of known and unknown DDoS attacks using Artificial Neural Networks},
  author={Saied, Alan and Overill, Richard E and Radzik, Tomasz},
  journal={Neurocomputing},
  volume={172},
  pages={385--393},
  year={2016},
  publisher={Elsevier}
}

@article{xie2008monitoring,
  title={Monitoring the application-layer DDoS attacks for popular websites},
  author={Xie, Yi and Yu, Shun-Zheng},
  journal={IEEE/ACM Transactions on networking},
  volume={17},
  number={1},
  pages={15--25},
  year={2008},
  publisher={IEEE}
}

@article{zolotukhin2018data,
  title={Data stream clustering for application-layer ddos detection in encrypted traffic},
  author={Zolotukhin, Mikhail and H{\"a}m{\"a}l{\"a}inen, Timo},
  journal={Cyber Security: Power and Technology},
  pages={111--131},
  year={2018},
  publisher={Springer}
}
â€ƒ
